<record><leader>00000cas a22000007a 4500</leader><controlfield tag="001">11806257</controlfield><controlfield tag="008">850314d19091927utuwr ne      0    0eng d</controlfield><datafield ind1=" " ind2=" " tag="010"><subfield code="a">sn 85058050 </subfield></datafield><datafield ind1=" " ind2=" " tag="040"><subfield code="a">UNP</subfield><subfield code="b">eng</subfield><subfield code="c">UNP</subfield><subfield code="d">OCLCQ</subfield></datafield><datafield ind1=" " ind2=" " tag="042"><subfield code="a">msc</subfield></datafield><datafield ind1="0" ind2="4" tag="245"><subfield code="a">The Press-bulletin.</subfield></datafield><datafield ind1=" " ind2=" " tag="260"><subfield code="a">Bingham Canyon, Utah :</subfield><subfield code="b">C.D. McNeeley,</subfield><subfield code="c">-1927.</subfield></datafield><datafield ind1=" " ind2=" " tag="300"><subfield code="a">v. :</subfield><subfield code="b">ill. ;</subfield><subfield code="c">56 cm.</subfield></datafield><datafield ind1=" " ind2=" " tag="310"><subfield code="a">Weekly</subfield></datafield><datafield ind1="1" ind2=" " tag="362"><subfield code="a">Began in 1909?</subfield><subfield code="z">Cf. NIM, 1948-72.</subfield></datafield><datafield ind1="0" ind2=" " tag="362"><subfield code="a">-v. 54, no. 51 (Dec. 18, 1925)- ; -v. 85, no. 46 (Apr. 21, 1927).</subfield></datafield><datafield ind1=" " ind2=" " tag="580"><subfield code="a">Formed by the union of: Bingham bulletin (Bingham Canyon, Utah : 1891), and: Bingham press (non-extant?).</subfield></datafield><datafield ind1=" " ind2=" " tag="588"><subfield code="a">Description based on: Vol. 47, no. 44 (Jan. 4, 1918).</subfield></datafield><datafield ind1=" " ind2=" " tag="752"><subfield code="a">United States</subfield><subfield code="b">Utah</subfield><subfield code="c">Salt Lake</subfield><subfield code="d">Bingham Canyon.</subfield></datafield><datafield ind1="1" ind2="4" tag="780"><subfield code="t">Bingham bulletin (Bingham Canyon, Utah : 1891)</subfield><subfield code="w">(DLC)sn 85058066</subfield><subfield code="w">(OCoLC)11829056</subfield></datafield><datafield ind1="1" ind2="4" tag="780"><subfield code="t">Bingham press</subfield></datafield><datafield ind1="0" ind2="0" tag="785"><subfield code="t">Bingham bulletin (Bingham Canyon, Utah : 1927)</subfield><subfield code="w">(DLC)sn 85058051</subfield><subfield code="w">(OCoLC)11806295</subfield></datafield></record>